@inproceedings{dittrich2013saliency,
  title={Saliency detection for stereoscopic video},
  author={Dittrich, Torben and Kopf, Stephan and Schaber, Philipp and Guthier, Benjamin and Effelsberg, Wolfgang},
  booktitle={Proceedings of the 4th ACM Multimedia Systems Conference},
  pages={12--23},
  year={2013},
  organization={ACM}
}

@misc{FFMPEG2010,
  author = {{FFmpeg}},
  priority = {2},
  title = {{FFmpeg}},
  url = {http://www.ffmpeg.org},
  year = {2010}
}

@article{krahenbuhl2009system,
  title={A system for retargeting of streaming video},
  author={Kr{\"a}henb{\"u}hl, Philipp and Lang, Manuel and Hornung, Alexander and Gross, Markus},
  journal={ACM Transactions on Graphics (TOG)},
  volume={28},
  number={5},
  pages={126},
  year={2009},
  publisher={ACM}
}

@article{yoon2006adaptive,
  title={Adaptive support-weight approach for correspondence search},
  author={Yoon, Kuk-Jin and Kweon, In So},
  journal={IEEE Transactions on Pattern Analysis \& Machine Intelligence},
  number={4},
  pages={650--656},
  year={2006},
  publisher={IEEE}
}

@inproceedings{davis2003spacetime,
  title={Spacetime stereo: {A} unifying framework for depth from triangulation},
  author={Davis, James and Ramamoorthi, Ravi and Rusinkiewicz, Szymon},
  booktitle={Computer Vision and Pattern Recognition, 2003. Proceedings. 2003 IEEE Computer Society Conference on},
  volume={2},
  pages={II--359},
  year={2003},
  organization={IEEE}
}

@inproceedings{lee2012local,
  title={Local stereo matching using motion cue and modified census in video disparity estimation},
  author={Lee, Zucheul and Khoshabeh, Ramsin and Juang, Jason and Nguyen, Truong Q},
  booktitle={Signal Processing Conference (EUSIPCO), 2012 Proceedings of the 20th European},
  pages={1114--1118},
  year={2012},
  organization={IEEE}
}

@inproceedings{lang2010nonlinear,
  title={Nonlinear disparity mapping for stereoscopic {3D}},
  author={Lang, Manuel and Hornung, Alexander and Wang, Oliver and Poulakos, Steven and Smolic, Aljoscha and Gross, Markus},
  booktitle={ACM Transactions on Graphics (TOG)},
  volume={29},
  number={4},
  pages={75},
  year={2010},
  organization={ACM}
}

@article{szeliski2008comparative,
  title={A comparative study of energy minimization methods for markov random fields with smoothness-based priors},
  author={Szeliski, Richard and Zabih, Ramin and Scharstein, Daniel and Veksler, Olga and Kolmogorov, Vladimir and Agarwala, Aseem and Tappen, Marshall and Rother, Carsten},
  journal={Pattern Analysis and Machine Intelligence, IEEE Transactions on},
  volume={30},
  number={6},
  pages={1068--1080},
  year={2008},
  publisher={IEEE}
}

@book{cormen2009introduction,
  title={Introduction to algorithms},
  author={Cormen, Thomas H},
  year={2009},
  publisher={MIT press}
}

@article{kolmogorov2006convergent,
  title={Convergent tree-reweighted message passing for energy minimization},
  author={Kolmogorov, Vladimir},
  journal={Pattern Analysis and Machine Intelligence, IEEE Transactions on},
  volume={28},
  number={10},
  pages={1568--1583},
  year={2006},
  publisher={IEEE}
}

@article{wainwright2005map,
  title={{MAP} estimation via agreement on trees: message-passing and linear programming},
  author={Wainwright, Martin J and Jaakkola, Tommi S and Willsky, Alan S},
  journal={Information Theory, IEEE Transactions on},
  volume={51},
  number={11},
  pages={3697--3717},
  year={2005},
  publisher={IEEE}
}

@article{sun2003stereo,
  title={Stereo matching using belief propagation},
  author={Sun, Jian and Zheng, Nan-Ning and Shum, Heung-Yeung},
  journal={Pattern Analysis and Machine Intelligence, IEEE Transactions on},
  volume={25},
  number={7},
  pages={787--800},
  year={2003},
  publisher={IEEE}
}

@inproceedings{tappen2003comparison,
  title={Comparison of graph cuts with belief propagation for stereo, using identical {MRF} parameters},
  author={Tappen, Marshall F and Freeman, William T},
  booktitle={Computer Vision, 2003. Proceedings. Ninth IEEE International Conference on},
  pages={900--906},
  year={2003},
  organization={IEEE}
}

@article{ramin2004energy,
  title={What energy functions can be minimized via graph cuts?},
  author={Kolmogorov, Vladimir and Zabin, Ramin},
  journal={Pattern Analysis and Machine Intelligence, IEEE Transactions on},
  volume={26},
  number={2},
  pages={147--159},
  year={2004},
  publisher={IEEE}
}

@article{kolmogorov2004energy,
  title={An experimental comparison of min-cut/max-flow algorithms for energy minimization in vision},
  author={Boykov, Yuri and Kolmogorov, Vladimir},
  journal={Pattern Analysis and Machine Intelligence, IEEE Transactions on},
  volume={26},
  number={9},
  pages={1124--1137},
  year={2004},
  publisher={IEEE}
}

@inproceedings{Butler:ECCV:2012,
  title = {A naturalistic open source movie for optical flow evaluation},
  author = {Butler, D. J. and Wulff, J. and Stanley, G. B. and Black, M. J.},
  booktitle = {European Conf. on Computer Vision (ECCV)},
  editor = {{A. Fitzgibbon et al. (Eds.)}},
  publisher = {Springer-Verlag},
  series = {Part IV, LNCS 7577},
  month = oct,
  pages = {611--625},
  year = {2012}
}

@article{min2014fast,
  title={Fast global image smoothing based on weighted least squares},
  author={Min, Dongbo and Choi, Sunghwan and Lu, Jiangbo and Ham, Bumsub and Sohn, Kwanghoon and Do, Minh N},
  journal={Image Processing, IEEE Transactions on},
  volume={23},
  number={12},
  pages={5638--5653},
  year={2014},
  publisher={IEEE}
}

@inproceedings{wang2014fast,
  title={A fast self-tuning background subtraction algorithm},
  author={Wang, Bin and Dudek, Piotr},
  booktitle={Proceedings of the IEEE Conference on Computer Vision and Pattern Recognition Workshops},
  pages={395--398},
  year={2014}
}

@inproceedings{hou2007saliency,
  title={Saliency detection: A spectral residual approach},
  author={Hou, Xiaodi and Zhang, Liqing},
  booktitle={Computer Vision and Pattern Recognition, 2007. CVPR'07. IEEE Conference on},
  pages={1--8},
  year={2007},
  organization={IEEE}
}

@article{viola1997alignment,
  title={Alignment by maximization of mutual information},
  author={Viola, Paul and Wells III, William M},
  journal={International journal of computer vision},
  volume={24},
  number={2},
  pages={137--154},
  year={1997},
  publisher={Springer}
}

@article{olshausen1996emergence,
  title={Emergence of simple-cell receptive field properties by learning a sparse code for natural images},
  author={Olshausen, Bruno A and others},
  journal={Nature},
  volume={381},
  number={6583},
  pages={607--609},
  year={1996}
}

@article{deangelis1995neuronal,
  title={Neuronal mechanisms underlying stereopsis: how do simple cells in the visual cortex encode binocular disparity?},
  author={DeAngelis, Gregory C and Ohzawa, Izumi and Freeman, Ralph D},
  journal={Perception},
  volume={24},
  number={1},
  pages={3--31},
  year={1995},
  publisher={SAGE Publications}
}

@inproceedings{cohen1999detecting,
  title={Detecting and tracking moving objects for video surveillance},
  author={Cohen, Isaac and Medioni, Gerard},
  booktitle={Computer Vision and Pattern Recognition, 1999. IEEE Computer Society Conference on.},
  volume={2},
  year={1999},
  organization={IEEE}
}

@book{richardson2004h,
  title={H. 264 and MPEG-4 video compression: {V}ideo coding for next-generation multimedia},
  author={Richardson, Iain E},
  year={2004},
  publisher={John Wiley \& Sons}
}

@inproceedings{hirschmuller2005accurate,
  title={Accurate and efficient stereo processing by semi-global matching and mutual information},
  author={Hirschm{\"u}ller, Heiko},
  booktitle={Computer Vision and Pattern Recognition, 2005. CVPR 2005. IEEE Computer Society Conference on},
  volume={2},
  pages={807--814},
  year={2005},
  organization={IEEE}
}

@article{boykov2001fast,
  title={Fast approximate energy minimization via graph cuts},
  author={Boykov, Yuri and Veksler, Olga and Zabih, Ramin},
  journal={Pattern Analysis and Machine Intelligence, IEEE Transactions on},
  volume={23},
  number={11},
  pages={1222--1239},
  year={2001},
  publisher={IEEE}
}

@book{bellman2015applied,
  title={Applied dynamic programming},
  author={Bellman, Richard E and Dreyfus, Stuart E},
  year={2015},
  publisher={Princeton university press}
}

@article{yedidia2003understanding,
  title={Understanding belief propagation and its generalizations},
  author={Yedidia, Jonathan S and Freeman, William T and Weiss, Yair},
  journal={Exploring artificial intelligence in the new millennium},
  volume={8},
  pages={236--239},
  year={2003}
}

@book{angel1972dynamic,
  title={Dynamic programming and partial differential equations},
  author={Angel, Edward and Bellman, Richard},
  year={1972},
  publisher={Academic Press, Inc.}
}

@inproceedings{hamzah2010sum,
  title={Sum of Absolute Differences algorithm in stereo correspondence problem for stereo matching in computer vision application},
  author={Hamzah, Rostam Affendi and Rahim, Rosman Abd and Noh, Zarina Mohd},
  booktitle={Computer Science and Information Technology (ICCSIT), 2010 3rd IEEE International Conference on},
  volume={1},
  pages={652--657},
  year={2010},
  organization={IEEE}
}

@inproceedings{kanade1995development,
  title={Development of a video-rate stereo machine},
  author={Kanade, Takeo and Kano, Hiroshi and Kimura, Shigeru and Yoshida, Atsushi and Oda, Kazuo},
  booktitle={Intelligent Robots and Systems 95.'Human Robot Interaction and Cooperative Robots', Proceedings. 1995 IEEE/RSJ International Conference on},
  volume={3},
  pages={95--100},
  year={1995},
  organization={IEEE}
}

@techreport{blake2003estimating,
  title={Estimating uncertainty in dense stereo disparity maps},
  author={Blake, Andrew and Torr, Philip HS and Cox, IJ and Criminisi, Antonio},
  year={2003},
  institution={Citeseer}
}

@incollection{wanner2013reconstructing,
  title={Reconstructing reflective and transparent surfaces from epipolar plane images},
  author={Wanner, Sven and Goldluecke, Bastian},
  booktitle={Pattern Recognition},
  pages={1--10},
  year={2013},
  publisher={Springer}
}

@book{tamassia2013handbook,
  title={Handbook of graph drawing and visualization},
  author={Tamassia, Roberto},
  year={2013},
  publisher={CRC press}
}

@article{fahle1987wozu,
  title={Wozu zwei {A}ugen?},
  author={Fahle, M},
  journal={Naturwissenschaften},
  volume={74},
  number={8},
  pages={383--385},
  year={1987},
  publisher={Springer}
}

@book{henson2000visual,
  title={Visual fields},
  author={Henson, David B},
  year={2000},
  publisher={Butterworth-Heinemann Medical}
}

@book{lucas20133d,
  title={3D Video: From Capture to Diffusion},
  author={Lucas, Laurent and Loscos, C{\'e}line and Remion, Yannick},
  year={2013},
  publisher={John Wiley \& Sons}
}

@book{shirley2009fundamentals,
  title={Fundamentals of computer graphics},
  author={Shirley, Peter and Ashikhmin, Michael and Marschner, Steve},
  year={2009},
  publisher={CRC Press}
}

@INPROCEEDINGS{Geiger2011IV,
  author = {Andreas Geiger and Julius Ziegler and Christoph Stiller},
  title = {StereoScan: Dense 3{D} Reconstruction in Real-time},
  booktitle = {Intelligent Vehicles Symposium (IV)},
  year = {2011}
}

@INPROCEEDINGS{Geiger2010ACCV,
  author = {Andreas Geiger and Martin Roser and Raquel Urtasun},
  title = {Efficient Large-Scale Stereo Matching},
  booktitle = {Asian Conference on Computer Vision (ACCV)},
  year = {2010}
}

@article{hirschmuller2011semi,
  title={Semi-global matching - {M}otivation, developments and applications},
  author={Hirschmuller, Heiko},
  year={2011},
  pages={173-184},
  journal={Photogrammetric Week}
}

@book{block20133d,
  title={3D Storytelling: How stereoscopic 3D works and how to use it},
  author={Block, Bruce and McNally, Philip},
  year={2013},
  publisher={Taylor \& Francis}
}

@book{cyganek2011introduction,
  title={An introduction to 3D computer vision techniques and algorithms},
  author={Cyganek, Boguslaw and Siebert, J Paul},
  year={2011},
  publisher={John Wiley \& Sons}
}

@article{kack2004robust,
  title={Robust stereo correspondence using graph cuts},
  author={K{\"a}ck, Per-Jonny},
  journal={Master's thesis, Royal Institute of Technology},
  year={2004},
  publisher={Citeseer}
}

@inproceedings{khoshabeh2011spatio,
  title={Spatio-temporal consistency in video disparity estimation},
  author={Khoshabeh, Ramsin and Chan, Stanley H and Nguy, Truong Q},
  booktitle={Acoustics, Speech and Signal Processing (ICASSP), 2011 IEEE International Conference on},
  pages={885--888},
  year={2011},
  organization={IEEE}
}

@incollection{scharstein2014high,
  title={High-resolution stereo datasets with subpixel-accurate ground truth},
  author={Scharstein, Daniel and Hirschm{\"u}ller, Heiko and Kitajima, York and Krathwohl, Greg and Ne{\v{s}}i{\'c}, Nera and Wang, Xi and Westling, Porter},
  booktitle={Pattern Recognition},
  pages={31--42},
  year={2014},
  publisher={Springer}
}

@incollection{kondermann2015stereo,
  title={Stereo Ground Truth with Error Bars},
  author={Kondermann, Daniel and Nair, Rahul and Meister, Stephan and Mischler, Wolfgang and G{\"u}ssefeld, Burkhard and Honauer, Katrin and Hofmann, Sabine and Brenner, Claus and J{\"a}hne, Bernd},
  booktitle={Computer Vision--ACCV 2014},
  pages={595--610},
  year={2015},
  publisher={Springer}
}

@inproceedings{williams2005estimating,
  title={Estimating disparity and occlusions in stereo video sequences},
  author={Williams, Oliver and Isard, Michael and MacCormick, John},
  booktitle={Computer Vision and Pattern Recognition, 2005. CVPR 2005. IEEE Computer Society Conference on},
  volume={2},
  pages={250--257},
  year={2005},
  organization={IEEE}
}

@article{chan2011augmented,
  title={An augmented {L}agrangian method for total variation video restoration},
  author={Chan, Stanley H and Khoshabeh, Ramsin and Gibson, Kristofor B and Gill, Philip E and Nguyen, Truong Q},
  journal={Image Processing, IEEE Transactions on},
  volume={20},
  number={11},
  pages={3097--3111},
  year={2011},
  publisher={IEEE}
}

@inproceedings{martull2012realistic,
  title={Realistic {CG} stereo image dataset with ground truth disparity maps},
  author={Martull, Sarah and Peris, Martin and Fukui, Kazuhiro},
  booktitle={ICPR workshop TrakMark2012},
  volume={111},
  number={430},
  pages={117--118},
  year={2012}
}

@article{hirschmuller2008stereo,
  title={Stereo processing by semiglobal matching and mutual information},
  author={Hirschm{\"u}ller, Heiko},
  journal={Pattern Analysis and Machine Intelligence, IEEE Transactions on},
  volume={30},
  number={2},
  pages={328--341},
  year={2008},
  publisher={IEEE}
}

@article{chowdhury2009new,
  title={A new approach for disparity map determination},
  author={Chowdhury, M Mozammel Hoque and Bhuiyan, Md Al-Amin},
  journal={Daffodil International University Journal of Science and Technology},
  volume={4},
  number={1},
  pages={9--13},
  year={2009}
}

@inproceedings{hirschmuller2007evaluation,
  title={Evaluation of cost functions for stereo matching},
  author={Hirschm{\"u}ller, Heiko and Scharstein, Daniel},
  booktitle={Computer Vision and Pattern Recognition, 2007. CVPR'07. IEEE Conference on},
  pages={1--8},
  year={2007},
  organization={IEEE}
}

@article{scharstein2002taxonomy,
  title={A taxonomy and evaluation of dense two-frame stereo correspondence algorithms},
  author={Scharstein, Daniel and Szeliski, Richard},
  journal={International journal of computer vision},
  volume={47},
  number={1-3},
  pages={7--42},
  year={2002},
  publisher={Springer}
}

@article{marr1976cooperative,
  title={Cooperative computation of stereo disparity},
  author={Marr, David and Poggio, Tomaso},
  journal={Science},
  volume={194},
  number={4262},
  pages={283--287},
  year={1976},
  publisher={American Association for the Advancement of Science}
}

@inproceedings{hermann2010gradient,
  title={The gradient - {A} powerful and robust cost function for stereo matching},
  author={Hermann, Simon and Vaudrey, Tobi},
  booktitle={Image and Vision Computing New Zealand (IVCNZ), 2010 25th International Conference of},
  pages={1--8},
  year={2010},
  organization={IEEE}
}

@misc{scharstein2006middlebury,
  title={Middlebury stereo datasets},
  author={Scharstein, Damiel and Szeliski, R and Pal, C and Hirschm{\"u}ller, H},
  journal={2014-04-06]. http://vision, middlebury, edu/stereo/data},
  year={2006}
}

@article{benoit2008quality,
  title={Quality assessment of stereoscopic images},
  author={Benoit, Alexandre and Le Callet, Patrick and Campisi, Patrizio and Cousseau, Romain},
  journal={EURASIP journal on image and video processing},
  year={2008}
}

@article{sinha2004graph,
  title={Graph Cut Algorithms in Vision, Graphics and Machine Learning--An Integrative Paper},
  author={Sinha, Sudipta N},
  journal={UNC Chapel Hill},
  year={2004}
}

@inproceedings{menze2015object,
  title={Object Scene Flow for Autonomous Vehicles},
  author={Menze, Moritz and Geiger, Andreas},
  booktitle={Proceedings of the IEEE Conference on Computer Vision and Pattern Recognition},
  pages={3061--3070},
  year={2015}
}

@article{lazaros2008review,
  title={Review of stereo vision algorithms: from software to hardware},
  author={Lazaros, Nalpantidis and Sirakoulis, Georgios Christou and Gasteratos, Antonios},
  journal={International Journal of Optomechatronics},
  volume={2},
  number={4},
  pages={435--462},
  year={2008},
  publisher={Taylor \& Francis}
}

@inproceedings{loghman2013sgm,
  title={SGM-based dense disparity estimation using adaptive Census transform},
  author={Loghman, Maziar and Kim, Joohee},
  booktitle={Connected Vehicles and Expo (ICCVE), 2013 International Conference on},
  pages={592--597},
  year={2013},
  organization={IEEE}
}

@incollection{hosni2012temporally,
  title={Temporally consistent disparity and optical flow via efficient spatio-temporal filtering},
  author={Hosni, Asmaa and Rhemann, Christoph and Bleyer, Michael and Gelautz, Margrit},
  booktitle={Advances in Image and Video Technology},
  pages={165--177},
  year={2012},
  publisher={Springer}
}

@incollection{richardt2010real,
  title={Real-time spatiotemporal stereo matching using the dual-cross-bilateral grid},
  author={Richardt, Christian and Orr, Douglas and Davies, Ian and Criminisi, Antonio and Dodgson, Neil A},
  booktitle={Computer Vision--ECCV 2010},
  pages={510--523},
  year={2010},
  publisher={Springer}
}


@article{opencv_library,
  author = {Bradski, G.},
  citeulike-article-id = {2236121},
  journal = {Dr. Dobb's Journal of Software Tools},
  keywords = {bibtex-import},
  posted-at = {2008-01-15 19:21:54},
  priority = {4},
  title = {The {OpenCV} library},
  year = {2000}
}
