@inproceedings{martull2012realistic,
  title={Realistic {CG} stereo image dataset with ground truth disparity maps},
  author={Martull, Sarah and Peris, Martin and Fukui, Kazuhiro},
  booktitle={ICPR workshop TrakMark2012},
  volume={111},
  number={430},
  pages={117--118},
  year={2012}
}
